
@ARTICLE{Engel2013-bx,
  title       = "Where's the action? The pragmatic turn in cognitive science",
  author      = "Engel, AK and Maye, A and Kurthen, M and
                 K{\"o}nig, P",
  affiliation = "Department of Neurophysiology and Pathophysiology, University
                 Medical Center Hamburg-Eppendorf, 20246 Hamburg, Germany.
                 ak.engel@uke.de",
  journal     = "Trends Cogn. Sci.",
  volume      =  17,
  number      =  5,
  pages       = "202--209",
  month       =  may,
  year        =  2013,
  url         = "http://dx.doi.org/10.1016/j.tics.2013.03.006",
  language    = "en"
}

@UNPUBLISHED{Parada2020-ys,
  title  = "Perfect Timing: Mobile {Brain/Body} Imaging scaffolds the
            4E-cognition research program",
  author = "Parada, Francisco J and Rossi, Alejandra",
  month  =  mar,
  year   =  2020,
  url    = "psyarxiv.com/wru4j"
}

@ARTICLE{Mann2019-ls,
  title       = "Predictive eye movements when hitting a bouncing ball",
  author      = "Mann, D L and Nakamoto, H and Logt, N and
                 Sikkink, L and Brenner, E",
  affiliation = "Department of Human Movement Sciences, Amsterdam Movement
                 Sciences and Institute of Brain and Behavior Amsterdam, Vrije
                 Universiteit Amsterdam, Amsterdam, the Netherlands. Faculty of
                 Physical Education, National Institute of Fitness and Sports
                 in Kanoya, Kagoshima, Japan.",
  journal     = "J. Vis.",
  volume      =  19,
  number      =  14,
  pages       = "28",
  month       =  dec,
  year        =  2019,
  url         = "http://dx.doi.org/10.1167/19.14.28",
  language    = "en"
}

@ARTICLE{Land1999-ol,
  title       = "The roles of vision and eye movements in the control of
                 activities of daily living",
  author      = "Land, M and Mennie, N and Rusted, J",
  affiliation = "Sussex Centre for Neuroscience, School of Biological Sciences,
                 University of Sussex, Brighton, UK. M.F.Land@sussex.ac.uk",
  journal     = "Perception",
  volume      =  28,
  number      =  11,
  pages       = "1311--1328",
  year        =  1999,
  url         = "http://dx.doi.org/10.1068/p2935",
  language    = "en"
}

@ARTICLE{Mars2012-bn,
  title       = "Where we look when we drive with or without active steering
                 wheel control",
  author      = "Mars, F and Navarro, J",
  affiliation = "IRCCyN (Institut de Recherche en Communication et en
                 Cybern{\'e}tique de Nantes), LUNAM Universit{\'e} and CNRS,
                 Nantes, France. franck.mars@irccyn.ec-nantes.fr",
  journal     = "PLoS One",
  volume      =  7,
  number      =  8,
  pages       = "e43858",
  month       =  aug,
  year        =  2012,
  url         = "http://dx.doi.org/10.1371/journal.pone.0043858",
  language    = "en"
}

@ARTICLE{Ballard2013-lo,
  title       = "A hierarchical modular architecture for embodied cognition",
  author      = "Ballard, Dana H and Kit, Dmitry and Rothkopf, Constantin A and
                 Sullivan, Brian",
  affiliation = "Department of Computer Science, University of Texas at Austin,
                 Austin, TX, USA. dana@cs.utexas.edu",
  journal     = "Multisens Res",
  volume      =  26,
  number      = "1-2",
  pages       = "177--204",
  year        =  2013,
  url         = "http://dx.doi.org/10.1163/22134808-00002414",
  language    = "en"
}

@ARTICLE{Land2000-pw,
  title       = "From eye movements to actions: how batsmen hit the ball",
  author      = "Land, M F and McLeod, P",
  affiliation = "School of Biological Sciences, University of Sussex, Brighton
                 BN1 9QG, UK. m.f.land@sussex.ac.uk",
  journal     = "Nat. Neurosci.",
  volume      =  3,
  number      =  12,
  pages       = "1340--1345",
  month       =  dec,
  year        =  2000,
  url         = "http://dx.doi.org/10.1038/81887",
  language    = "en"
}

@ARTICLE{Mennie2007-my,
  title       = "Look-ahead fixations: anticipatory eye movements in natural
                 tasks",
  author      = "Mennie, N and Hayhoe, M M and Sullivan, B",
  affiliation = "School of Psychology, University of Nottingham, University
                 Park, Nottingham, NG7 2RD, UK. nrm@psychology.nottingham.ac.uk",
  journal     = "Exp. Brain Res.",
  volume      =  179,
  number      =  3,
  pages       = "427--442",
  month       =  may,
  year        =  2007,
  url         = "http://dx.doi.org/10.1007/s00221-006-0804-0",
  language    = "en"
}


@ARTICLE{Land2001-do,
  title       = "In what ways do eye movements contribute to everyday
                 activities?",
  author      = "Land, M F and Hayhoe, M",
  affiliation = "School of Biological Sciences, University of Sussex, BN1 9QG,
                 Brighton, UK. m.f.land@sussex.ac.uk",
  journal     = "Vision Res.",
  volume      =  41,
  number      = "25-26",
  pages       = "3559--3565",
  year        =  2001,
  url         = "https://www.ncbi.nlm.nih.gov/pubmed/11718795",
  language    = "en"
}


@ARTICLE{Sullivan2012-gg,
  title       = "The role of uncertainty and reward on eye movements in a
                 virtual driving task",
  author      = "Sullivan, Brian T and Johnson, Leif and Rothkopf, Constantin A
                 and Ballard, Dana and Hayhoe, Mary",
  affiliation = "Smith-Kettlewell Eye Research Institute, San Francisco, CA,
                 USA. brians@ski.org",
  journal     = "J. Vis.",
  volume      =  12,
  number      =  13,
  pages       = "19",
  month       =  dec,
  year        =  2012,
  url         = "http://dx.doi.org/10.1167/12.13.19",
  language    = "en"
}



@ARTICLE{Hayhoe2003-lw,
  title       = "Visual memory and motor planning in a natural task",
  author      = "Hayhoe, M M and Shrivastava, A and Mruczek, R and
                 Pelz, J B",
  affiliation = "Center for Visual Science, University of Rochester, Rochester,
                 NY, USA. mary@cvs.rochester.edu",
  journal     = "J. Vis.",
  volume      =  3,
  number      =  1,
  pages       = "49--63",
  year        =  2003,
  url         = "http://dx.doi.org/10.1167/3.1.6",
  language    = "en"
}


@ARTICLE{Matthis2018-ho,
  title       = "Gaze and the Control of Foot Placement When Walking in Natural
                 Terrain",
  author      = "Matthis, J S and Yates, J L and Hayhoe, M M",
  affiliation = "Center for Perceptual Systems, University of Texas at Austin,
                 Austin, TX, USA. Electronic address: matthis@utexas.edu.
                 Center for Visual Science, University of Rochester, Rochester,
                 NY, USA; Brain and Cognitive Science, University of Rochester,
                 Rochester, NY, USA. Center for Perceptual Systems, University
                 of Texas at Austin, Austin, TX, USA.",
  journal     = "Curr. Biol.",
  volume      =  28,
  number      =  8,
  pages       = "1224--1233.e5",
  month       =  apr,
  year        =  2018,
  url         = "http://dx.doi.org/10.1016/j.cub.2018.03.008",
  keywords    = "eye movements; foot placement; gaze; locomotion; real-world;
                 rough terrain; walking",
  language    = "en"
}



@INPROCEEDINGS{Keshava2020-cp,
  title     = "Decoding Task From Oculomotor Behavior In Virtual Reality",
  booktitle = "{ACM} Symposium on Eye Tracking Research and Applications",
  author    = "Keshava, A and Aumeistere, A and Izdebski, K and K{\"o}nig, P",
  publisher = "Association for Computing Machinery",
  number    = "Article 30",
  pages     = "1--5",
  series    = "ETRA '20 Short Papers",
  month     =  jun,
  year      =  2020,
  url       = "https://doi.org/10.1145/3379156.3391338",
  address   = "New York, NY, USA",
  keywords  = "eye movements, virtual reality, task inference, support vector
               machines",
  location  = "Stuttgart, Germany"
}

@MISC{Clay2019-cu,
  title     = "Eye tracking in virtual reality",
  author    = "Clay, V and K{\"o}nig, P and K{\"o}nig, SU",
  journal   = "J. Eye Mov. Res.",
  publisher = "eyemovement.org",
  volume    =  12,
  number    =  1,
  year      =  2019,
  url       = "http://dx.doi.org/10.16910/JEMR.12.1.3"
}


@ARTICLE{Henderson2017-it,
  title       = "Meaning-based guidance of attention in scenes as revealed by
                 meaning maps",
  author      = "Henderson, J M and Hayes, T R",
  affiliation = "Department of Psychology, University of California, Davis, CA,
                 95618, USA. johnhenderson@ucdavis.edu. Center for Mind and
                 Brain, University of California, Davis, CA, 95618, USA.
                 johnhenderson@ucdavis.edu. Center for Mind and Brain,
                 University of California, Davis, CA, 95618, USA.",
  journal     = "Nat Hum Behav",
  volume      =  1,
  number      =  10,
  pages       = "743--747",
  month       =  oct,
  year        =  2017,
  url         = "http://dx.doi.org/10.1038/s41562-017-0208-0",
  language    = "en"
}


@ARTICLE{Hayhoe2003-lw,
  title       = "Visual memory and motor planning in a natural task",
  author      = "Hayhoe, Mary M and Shrivastava, Anurag and Mruczek, Ryan and
                 Pelz, Jeff B",
  affiliation = "Center for Visual Science, University of Rochester, Rochester,
                 NY, USA. mary@cvs.rochester.edu",
  journal     = "J. Vis.",
  volume      =  3,
  number      =  1,
  pages       = "49--63",
  year        =  2003,
  url         = "http://dx.doi.org/10.1167/3.1.6",
  language    = "en"
}



@ARTICLE{Buswell1935-di,
  title     = "How people look at pictures: a study of the psychology and
               perception in art",
  author    = "Buswell, G T",
  journal   = "Chicago University Press",
  publisher = "Univ. Chicago Press How people look at pictures",
  volume    =  198,
  year      =  1935,
  url       = "https://psycnet.apa.org/fulltext/1935-05800-000.pdf",
  address   = "Oxford, England"
}


@BOOK{Yarbus2013-eu,
  title     = "Eye Movements and Vision",
  author    = "Yarbus, A L",
  publisher = "Springer",
  year      =  1967,
  language  = "en"
}


@ARTICLE{Konig2016-ew,
  title    = "Eye movements as a window to cognitive processes",
  author   = "K{\"o}nig, P and Wilming, N and Kietzmann, T C and
              Ossand{\'o}n, J P and Onat, S and Ehinger, B V and
              Gameiro, R R and Kaspar, K",
  journal  = "researchgate.net",
  volume   =  9,
  number   =  5,
  month    =  dec,
  year     =  2016,
  keywords = "eye movement; eye tracking; saccades; attention; fixation
              duration; salience; models",
  language = "en"
}


@ARTICLE{Kollmorgen2010-wg,
  title       = "Influence of low-level stimulus features, task dependent
                 factors, and spatial biases on overt visual attention",
  author      = "Kollmorgen, S and Nortmann, N and Schr{\"o}der, S
                 and K{\"o}nig, P",
  affiliation = "Institute of Neurobiopsychology, University of Osnabr{\"u}ck,
                 Osnabr{\"u}ck, Germany.",
  journal     = "PLoS Comput. Biol.",
  volume      =  6,
  number      =  5,
  pages       = "e1000791",
  month       =  may,
  year        =  2010,
  url         = "http://dx.doi.org/10.1371/journal.pcbi.1000791",
  language    = "en"
}

@ARTICLE{Ballard1995-ji,
  title    = "Memory representations in natural tasks",
  author   = "Ballard, D H and Hayhoe, M M and Pelz, J B",
  journal  = "J. Cogn. Neurosci.",
  volume   =  7,
  number   =  1,
  pages    = "66--80",
  year     =  1995,
  url      = "http://dx.doi.org/10.1162/jocn.1995.7.1.66",
  language = "en"
}

@ARTICLE{Pelz2001-cn,
  title       = "Oculomotor behavior and perceptual strategies in complex tasks",
  author      = "Pelz, J B and Canosa, R",
  affiliation = "Center for Imaging Science, Rochester Institute of Technology,
                 54 Lomb Memorial Drive, Rochester, NY 14623, USA.
                 pelz@cis.rit.edu",
  journal     = "Vision Res.",
  volume      =  41,
  number      = "25-26",
  pages       = "3587--3596",
  year        =  2001,
  url         = "http://dx.doi.org/10.1016/s0042-6989(01)00245-0",
  language    = "en"
}
@book{james2007principles,
  title={The principles of psychology},
  author={James, William},
  volume={1},
  year={2007},
  publisher={Cosimo, Inc.}
}

@ARTICLE{Wilson2002-mv,
  title       = "Six views of embodied cognition",
  author      = "Wilson, Margaret",
  affiliation = "Department of Psychology, University of California, Santa
                 Cruz, CA 95064, USA. mlwilson@cats.ucsc.edu",
  journal     = "Psychon. Bull. Rev.",
  volume      =  9,
  number      =  4,
  pages       = "625--636",
  month       =  dec,
  year        =  2002,
  url         = "http://dx.doi.org/10.3758/bf03196322",
  language    = "en"
}


@ARTICLE{MacGregor2011-yf,
  title    = "Human Performance on the Traveling Salesman and Related Problems:
              A Review",
  author   = "MacGregor, J N and Chu, Y",
  journal  = "The Journal of Problem Solving",
  volume   =  3,
  number   =  2,
  pages    = "2",
  year     =  2011,
  url      = "https://docs.lib.purdue.edu/jps/vol3/iss2/2/"
}


@ARTICLE{Pizlo2005-qi,
  title       = "Solving combinatorial problems: the 15-puzzle",
  author      = "Pizlo, Zygmunt and Li, Zheng",
  affiliation = "Department of Psychological Sciences, Purdue University, West
                 Lafayette, Indiana 47907-2081, USA. pizlo@psych.purdue.edu",
  journal     = "Mem. Cognit.",
  volume      =  33,
  number      =  6,
  pages       = "1069--1084",
  month       =  sep,
  year        =  2005,
  url         = "http://dx.doi.org/10.3758/bf03193214",
  language    = "en"
}


@ARTICLE{Corbeil1976-qq,
  title     = "Restricted Maximum Likelihood ({REML}) Estimation of Variance
               Components in the Mixed Model",
  author    = "Corbeil, R R and Searle, S R",
  journal   = "Technometrics",
  publisher = "Taylor \& Francis",
  volume    =  18,
  number    =  1,
  pages     = "31--38",
  month     =  feb,
  year      =  1976,
  url       = "https://www.tandfonline.com/doi/abs/10.1080/00401706.1976.10489397"
}


@INCOLLECTION{Norman1986-qb,
  title     = "Attention to Action",
  booktitle = "Consciousness and {Self-Regulation}: Advances in Research and
               Theory Volume 4",
  author    = "Norman, Donald A and Shallice, Tim",
  editor    = "Davidson, Richard J and Schwartz, Gary E and Shapiro, David",
  publisher = "Springer US",
  pages     = "1--18",
  year      =  1986,
  url       = "https://doi.org/10.1007/978-1-4757-0629-1_1",
  address   = "Boston, MA"
}

@ARTICLE{Land1999-ol,
  title       = "The roles of vision and eye movements in the control of
                 activities of daily living",
  author      = "Land, M and Mennie, N and Rusted, J",
  affiliation = "Sussex Centre for Neuroscience, School of Biological Sciences,
                 University of Sussex, Brighton, UK. M.F.Land@sussex.ac.uk",
  journal     = "Perception",
  volume      =  28,
  number      =  11,
  pages       = "1311--1328",
  year        =  1999,
  url         = "http://dx.doi.org/10.1068/p2935",
  language    = "en"
}


@ARTICLE{Land1999-ol,
  title       = "The roles of vision and eye movements in the control of
                 activities of daily living",
  author      = "Land, M and Mennie, N and Rusted, J",
  affiliation = "Sussex Centre for Neuroscience, School of Biological Sciences,
                 University of Sussex, Brighton, UK. M.F.Land@sussex.ac.uk",
  journal     = "Perception",
  volume      =  28,
  number      =  11,
  pages       = "1311--1328",
  year        =  1999,
  url         = "http://dx.doi.org/10.1068/p2935",
  language    = "en"
}

@ARTICLE{Droll2007-bp,
  title       = "Trade-offs between gaze and working memory use",
  author      = "Droll, J A and Hayhoe,M M",
  affiliation = "Department of Brain and Cognitive Sciences \& Center for
                 Visual Science, University of Rochester, USA.
                 droll@psych.ucsb.edu",
  journal     = "J. Exp. Psychol. Hum. Percept. Perform.",
  volume      =  33,
  number      =  6,
  pages       = "1352--1365",
  month       =  dec,
  year        =  2007,
  url         = "http://dx.doi.org/10.1037/0096-1523.33.6.1352",
  language    = "en"
}


@ARTICLE{Ballard2013-lo,
  title       = "A hierarchical modular architecture for embodied cognition",
  author      = "Ballard, Dana H and Kit, Dmitry and Rothkopf, Constantin A and
                 Sullivan, Brian",
  affiliation = "Department of Computer Science, University of Texas at Austin,
                 Austin, TX, USA. dana@cs.utexas.edu",
  journal     = "Multisens Res",
  volume      =  26,
  number      = "1-2",
  pages       = "177--204",
  year        =  2013,
  url         = "http://dx.doi.org/10.1163/22134808-00002414",
  language    = "en"
}


@ARTICLE{Van_der_Stigchel2020-qb,
  title     = "An embodied account of visual working memory",
  author    = "Van der Stigchel, S",
  journal   = "Vis. cogn.",
  publisher = "Routledge",
  volume    =  28,
  number    = "5-8",
  pages     = "414--419",
  month     =  sep,
  year      =  2020,
  url       = "https://doi.org/10.1080/13506285.2020.1742827"
}

@ARTICLE{Land2019-dk,
  title       = "Eye movements in man and other animals",
  author      = "Land, Michael",
  affiliation = "University of Sussex, United Kingdom. Electronic address:
                 m.f.land@sussex.ac.uk.",
  journal     = "Vision Res.",
  volume      =  162,
  pages       = "1--7",
  month       =  sep,
  year        =  2019,
  url         = "http://dx.doi.org/10.1016/j.visres.2019.06.004",
  keywords    = "Animal vision; Eye movement; Optokinetic; Optomotor; Scanning;
                 Vision",
  language    = "en"
}

@ARTICLE{Land1997-ug,
  title       = "The knowledge base of the oculomotor system",
  author      = "Land, M F and Furneaux, S",
  affiliation = "Sussex Centre for Neuroscience, School of Biological Sciences,
                 University of Sussex, Brighton, UK.",
  journal     = "Philos. Trans. R. Soc. Lond. B Biol. Sci.",
  volume      =  352,
  number      =  1358,
  pages       = "1231--1239",
  month       =  aug,
  year        =  1997,
  url         = "http://dx.doi.org/10.1098/rstb.1997.0105",
  language    = "en"
}


@ARTICLE{Land2001-do,
  title       = "In what ways do eye movements contribute to everyday
                 activities?",
  author      = "Land, M F and Hayhoe, M",
  affiliation = "School of Biological Sciences, University of Sussex, BN1 9QG,
                 Brighton, UK. m.f.land@sussex.ac.uk",
  journal     = "Vision Res.",
  volume      =  41,
  number      = "25-26",
  pages       = "3559--3565",
  year        =  2001,
  url         = "https://www.ncbi.nlm.nih.gov/pubmed/11718795",
  language    = "en"
}


@ARTICLE{Montfoort2007-oa,
  title       = "Visual search deficits in {Williams-Beuren} syndrome",
  author      = "Montfoort, I and Frens, M A and Hooge, I Th C and Haselen, G C
                 Lagers-van and van der Geest, J N",
  affiliation = "Department of Neuroscience, Erasmus MC, Rotterdam, The
                 Netherlands.",
  journal     = "Neuropsychologia",
  volume      =  45,
  number      =  5,
  pages       = "931--938",
  month       =  mar,
  year        =  2007,
  url         = "http://dx.doi.org/10.1016/j.neuropsychologia.2006.08.022",
  language    = "en"
}

@ARTICLE{Hooge2013-bk,
  title       = "Scan path entropy and arrow plots: capturing scanning behavior
                 of multiple observers",
  author      = "Hooge, I and Camps, G",
  affiliation = "Department of Experimental Psychology, Faculty of Social
                 Sciences, Helmholtz Institute, Utrecht University Utrecht,
                 Netherlands.",
  journal     = "Front. Psychol.",
  volume      =  4,
  pages       = "996",
  month       =  dec,
  year        =  2013,
  url         = "http://dx.doi.org/10.3389/fpsyg.2013.00996",
  keywords    = "data visualization; entropy; eye-tracking; gaze-guidance;
                 scan-path",
  language    = "en"
}

@UNPUBLISHED{Voloh2019-oc,
  title    = "{MAD} saccade: statistically robust saccade threshold estimation",
  author   = "Voloh, B and Watson, M and K{\"o}nig, S and
              Womelsdorf, T",
  journal  = "PsyArXiv",
  month    =  dec,
  year     =  2019,
  url      = "https://osf.io/rzd6v",
  keywords = "eye tracking; free viewing; MAD; median absolute deviation;
              saccades"
}

@ARTICLE{Land2006-da,
  title       = "Eye movements and the control of actions in everyday life",
  author      = "Land, M F",
  affiliation = "Department of Biology and Environmental Science, University of
                 Sussex, Brighton BN1 9QG, UK. M.F.Land@sussex.ac.uk",
  journal     = "Prog. Retin. Eye Res.",
  publisher   = "Elsevier",
  volume      =  25,
  number      =  3,
  pages       = "296--324",
  month       =  may,
  year        =  2006,
  url         = "http://dx.doi.org/10.1016/j.preteyeres.2006.01.002",
  language    = "en"
}

@ARTICLE{Land2012-iv,
  title       = "The operation of the visual system in relation to action",
  author      = "Land, Michael F",
  affiliation = "School of Life Sciences, University of Sussex, Brighton, BN1
                 9QG, UK. m.f.land@sussex.ac.uk",
  journal     = "Curr. Biol.",
  volume      =  22,
  number      =  18,
  pages       = "R811--7",
  month       =  sep,
  year        =  2012,
  url         = "http://dx.doi.org/10.1016/j.cub.2012.06.049",
  language    = "en"
}

@ARTICLE{Land2001-do,
  title       = "In what ways do eye movements contribute to everyday
                 activities?",
  author      = "Land, M F and Hayhoe, M",
  affiliation = "School of Biological Sciences, University of Sussex, BN1 9QG,
                 Brighton, UK. m.f.land@sussex.ac.uk",
  journal     = "Vision Res.",
  volume      =  41,
  number      = "25-26",
  pages       = "3559--3565",
  year        =  2001,
  url         = "https://www.ncbi.nlm.nih.gov/pubmed/11718795",
  language    = "en"
}

@ARTICLE{Land2009-pp,
  title       = "Vision, eye movements, and natural behavior",
  author      = "Land, M F",
  affiliation = "Department of Biology and Environmental Science, University of
                 Sussex, Brighton, UK. m.f.land@sussex.ac.uk",
  journal     = "Vis. Neurosci.",
  volume      =  26,
  number      =  1,
  pages       = "51--62",
  month       =  jan,
  year        =  2009,
  url         = "http://dx.doi.org/10.1017/S0952523808080899",
  language    = "en"
}

@INCOLLECTION{Land2007-or,
  title     = "Chapter 4 - Fixation strategies during active behaviour: A brief
               history",
  booktitle = "Eye Movements",
  author    = "Land, M F",
  editor    = "Van Gompel, Roger P G and Fischer, Martin H and Murray, Wayne S
               and Hill, Robin L",
  publisher = "Elsevier",
  pages     = "75--95",
  month     =  jan,
  year      =  2007,
  url       = "http://www.sciencedirect.com/science/article/pii/B9780080449807500069",
  address   = "Oxford"
}
