@ARTICLE{Pelz2001-cn,
  title       = "Oculomotor behavior and perceptual strategies in complex tasks",
  author      = "Pelz, J B and Canosa, R",
  affiliation = "Center for Imaging Science, Rochester Institute of Technology,
                 54 Lomb Memorial Drive, Rochester, NY 14623, USA.
                 pelz@cis.rit.edu",
  journal     = "Vision research",
  volume      =  41,
  number      = "25-26",
  pages       = "3587--3596",
  year        =  2001,
  url         = "http://dx.doi.org/10.1016/s0042-6989(01)00245-0",
  language    = "en"
}

@ARTICLE{Engel2013-bx,
  title       = "Where's the action? The pragmatic turn in cognitive science",
  author      = "Engel, Andreas K and Maye, Alexander and Kurthen, Martin and
                 K{\"o}nig, Peter",
  affiliation = "Department of Neurophysiology and Pathophysiology, University
                 Medical Center Hamburg-Eppendorf, 20246 Hamburg, Germany.
                 ak.engel@uke.de",
  journal     = "Trends in cognitive sciences",
  volume      =  17,
  number      =  5,
  pages       = "202--209",
  month       =  may,
  year        =  2013,
  url         = "http://dx.doi.org/10.1016/j.tics.2013.03.006",
  language    = "en"
}

@ARTICLE{Navarro2020-wv,
  title       = "On the nature of eye-hand coordination in natural steering
                 behavior",
  author      = "Navarro, Jordan and Hernout, Emma and Osiurak, Fran{\c c}ois
                 and Reynaud, Emanuelle",
  affiliation = "Laboratoire d'Etude des M{\'e}canismes Cognitifs (EA 3082),
                 University Lyon 2, Lyon, France. Institut Universitaire de
                 France, Paris, France.",
  journal     = "PloS one",
  volume      =  15,
  number      =  11,
  pages       = "e0242818",
  month       =  nov,
  year        =  2020,
  url         = "http://dx.doi.org/10.1371/journal.pone.0242818",
  language    = "en"
}

@BOOK{Yarbus2013-eu,
  title     = "Eye Movements and Vision",
  author    = "Yarbus, A L",
  publisher = "Springer",
  month     =  nov,
  year      =  2013,
  url       = "https://play.google.com/store/books/details?id=kRf3BwAAQBAJ",
  language  = "en"
}

@ARTICLE{Ballard1995-ji,
  title    = "Memory representations in natural tasks",
  author   = "Ballard, D H and Hayhoe, M M and Pelz, J B",
  journal  = "Journal of cognitive neuroscience",
  volume   =  7,
  number   =  1,
  pages    = "66--80",
  year     =  1995,
  url      = "http://dx.doi.org/10.1162/jocn.1995.7.1.66",
  language = "en"
}

@ARTICLE{Mennie2007-my,
  title       = "Look-ahead fixations: anticipatory eye movements in natural
                 tasks",
  author      = "Mennie, Neil and Hayhoe, Mary and Sullivan, Brian",
  affiliation = "School of Psychology, University of Nottingham, University
                 Park, Nottingham, NG7 2RD, UK. nrm@psychology.nottingham.ac.uk",
  journal     = "Experimental brain research. Experimentelle Hirnforschung.
                 Experimentation cerebrale",
  volume      =  179,
  number      =  3,
  pages       = "427--442",
  month       =  may,
  year        =  2007,
  url         = "http://dx.doi.org/10.1007/s00221-006-0804-0",
  language    = "en"
}

@ARTICLE{Land2001-do,
  title       = "In what ways do eye movements contribute to everyday
                 activities?",
  author      = "Land, M F and Hayhoe, M",
  affiliation = "School of Biological Sciences, University of Sussex, BN1 9QG,
                 Brighton, UK. m.f.land@sussex.ac.uk",
  journal     = "Vision research",
  volume      =  41,
  number      = "25-26",
  pages       = "3559--3565",
  year        =  2001,
  url         = "http://dx.doi.org/10.1016/s0042-6989(01)00102-x",
  language    = "en"
}

@ARTICLE{Buswell1935-di,
  title     = "How people look at pictures: a study of the psychology and
               perception in art",
  author    = "Buswell, G T",
  journal   = "Chicago University Press",
  publisher = "Univ. Chicago Press How people look at pictures",
  volume    =  198,
  year      =  1935,
  url       = "https://psycnet.apa.org/fulltext/1935-05800-000.pdf",
  address   = "Oxford, England"
}

@MISC{Clay2019-cu,
  title     = "Eye tracking in virtual reality",
  author    = "Clay, Viviane and K{\"o}nig, Peter and K{\"o}nig, Sabine U",
  journal   = "Journal of eye movement research",
  publisher = "eyemovement.org",
  volume    =  12,
  number    =  1,
  year      =  2019,
  url       = "http://dx.doi.org/10.16910/JEMR.12.1.3"
}

@ARTICLE{Mann2019-ls,
  title       = "Predictive eye movements when hitting a bouncing ball",
  author      = "Mann, David L and Nakamoto, Hiroki and Logt, Nadine and
                 Sikkink, Lieke and Brenner, Eli",
  affiliation = "Department of Human Movement Sciences, Amsterdam Movement
                 Sciences and Institute of Brain and Behavior Amsterdam, Vrije
                 Universiteit Amsterdam, Amsterdam, the Netherlands. Faculty of
                 Physical Education, National Institute of Fitness and Sports
                 in Kanoya, Kagoshima, Japan.",
  journal     = "Journal of vision",
  volume      =  19,
  number      =  14,
  pages       = "28",
  month       =  dec,
  year        =  2019,
  url         = "http://dx.doi.org/10.1167/19.14.28",
  language    = "en"
}

@ARTICLE{Kollmorgen2010-wg,
  title       = "Influence of low-level stimulus features, task dependent
                 factors, and spatial biases on overt visual attention",
  author      = "Kollmorgen, Sepp and Nortmann, Nora and Schr{\"o}der, Sylvia
                 and K{\"o}nig, Peter",
  affiliation = "Institute of Neurobiopsychology, University of Osnabr{\"u}ck,
                 Osnabr{\"u}ck, Germany.",
  journal     = "PLoS computational biology",
  volume      =  6,
  number      =  5,
  pages       = "e1000791",
  month       =  may,
  year        =  2010,
  url         = "http://dx.doi.org/10.1371/journal.pcbi.1000791",
  language    = "en"
}

@ARTICLE{Land2000-pw,
  title       = "From eye movements to actions: how batsmen hit the ball",
  author      = "Land, M F and McLeod, P",
  affiliation = "School of Biological Sciences, University of Sussex, Brighton
                 BN1 9QG, UK. m.f.land@sussex.ac.uk",
  journal     = "Nature neuroscience",
  volume      =  3,
  number      =  12,
  pages       = "1340--1345",
  month       =  dec,
  year        =  2000,
  url         = "http://dx.doi.org/10.1038/81887",
  language    = "en"
}

@ARTICLE{Hayhoe2003-lw,
  title       = "Visual memory and motor planning in a natural task",
  author      = "Hayhoe, Mary M and Shrivastava, Anurag and Mruczek, Ryan and
                 Pelz, Jeff B",
  affiliation = "Center for Visual Science, University of Rochester, Rochester,
                 NY, USA. mary@cvs.rochester.edu",
  journal     = "Journal of vision",
  volume      =  3,
  number      =  1,
  pages       = "49--63",
  year        =  2003,
  url         = "http://dx.doi.org/10.1167/3.1.6",
  language    = "en"
}

@ARTICLE{Konig2016-ew,
  title    = "Eye movements as a window to cognitive processes",
  author   = "K{\"o}nig, P and Wilming, N and Kietzmann, T C and Ossand{\'o}n,
              J P and {others}",
  journal  = "Journal of eye movement research",
  volume   =  9,
  number   =  5,
  month    =  dec,
  year     =  2016,
  url      = "https://pdfs.semanticscholar.org/8cc6/91616b435ed08263ff8007b2d27c0b8c1d27.pdf",
  keywords = "eye movement; eye tracking; saccades; attention; fixation
              duration; salience; models",
  language = "en"
}

@ARTICLE{Land2006-da,
  title       = "Eye movements and the control of actions in everyday life",
  author      = "Land, Michael F",
  affiliation = "Department of Biology and Environmental Science, University of
                 Sussex, Brighton BN1 9QG, UK. M.F.Land@sussex.ac.uk",
  journal     = "Progress in retinal and eye research",
  publisher   = "Elsevier",
  volume      =  25,
  number      =  3,
  pages       = "296--324",
  month       =  may,
  year        =  2006,
  url         = "http://dx.doi.org/10.1016/j.preteyeres.2006.01.002",
  language    = "en"
}

@ARTICLE{Mars2012-bn,
  title       = "Where we look when we drive with or without active steering
                 wheel control",
  author      = "Mars, Franck and Navarro, Jordan",
  affiliation = "IRCCyN (Institut de Recherche en Communication et en
                 Cybern{\'e}tique de Nantes), LUNAM Universit{\'e} and CNRS,
                 Nantes, France. franck.mars@irccyn.ec-nantes.fr",
  journal     = "PloS one",
  volume      =  7,
  number      =  8,
  pages       = "e43858",
  month       =  aug,
  year        =  2012,
  url         = "http://dx.doi.org/10.1371/journal.pone.0043858",
  language    = "en"
}

@ARTICLE{Matthis2018-ho,
  title       = "Gaze and the Control of Foot Placement When Walking in Natural
                 Terrain",
  author      = "Matthis, Jonathan Samir and Yates, Jacob L and Hayhoe, Mary M",
  affiliation = "Center for Perceptual Systems, University of Texas at Austin,
                 Austin, TX, USA. Electronic address: matthis@utexas.edu.
                 Center for Visual Science, University of Rochester, Rochester,
                 NY, USA; Brain and Cognitive Science, University of Rochester,
                 Rochester, NY, USA. Center for Perceptual Systems, University
                 of Texas at Austin, Austin, TX, USA.",
  journal     = "Current biology: CB",
  volume      =  28,
  number      =  8,
  pages       = "1224--1233.e5",
  month       =  apr,
  year        =  2018,
  url         = "http://dx.doi.org/10.1016/j.cub.2018.03.008",
  keywords    = "eye movements; foot placement; gaze; locomotion; real-world;
                 rough terrain; walking",
  language    = "en"
}

@ARTICLE{Droll2007-bp,
  title       = "Trade-offs between gaze and working memory use",
  author      = "Droll, Jason A and Hayhoe, Mary M",
  affiliation = "Department of Brain and Cognitive Sciences \& Center for
                 Visual Science, University of Rochester, USA.
                 droll@psych.ucsb.edu",
  journal     = "Journal of experimental psychology. Human perception and
                 performance",
  volume      =  33,
  number      =  6,
  pages       = "1352--1365",
  month       =  dec,
  year        =  2007,
  url         = "http://dx.doi.org/10.1037/0096-1523.33.6.1352",
  language    = "en"
}

@ARTICLE{Schut2017-vv,
  title       = "The cost of making an eye movement: A direct link between
                 visual working memory and saccade execution",
  author      = "Schut, Martijn J and Van der Stoep, Nathan and Postma, Albert
                 and Van der Stigchel, Stefan",
  affiliation = "Experimental Psychology, Helmholtz Institute, Utrecht
                 University, Utrecht, The Netherlandsm.j.schut@uu.nl.
                 Experimental Psychology, Helmholtz Institute, Utrecht
                 University, Utrecht, The Netherlandsn.vanderstoep@uu.nl.
                 Experimental Psychology, Helmholtz Institute, Utrecht
                 University, Utrecht, The Netherlandsa.postma@uu.nl.
                 Experimental Psychology, Helmholtz Institute, Utrecht
                 University, Utrecht, The Netherlandss.vanderstigchel@uu.nl.",
  journal     = "Journal of vision",
  volume      =  17,
  number      =  6,
  pages       = "15",
  month       =  jun,
  year        =  2017,
  url         = "http://dx.doi.org/10.1167/17.6.15",
  language    = "en"
}

@ARTICLE{Sullivan2012-gg,
  title       = "The role of uncertainty and reward on eye movements in a
                 virtual driving task",
  author      = "Sullivan, Brian T and Johnson, Leif and Rothkopf, Constantin A
                 and Ballard, Dana and Hayhoe, Mary",
  affiliation = "Smith-Kettlewell Eye Research Institute, San Francisco, CA,
                 USA. brians@ski.org",
  journal     = "Journal of vision",
  volume      =  12,
  number      =  13,
  pages       = "19",
  month       =  dec,
  year        =  2012,
  url         = "http://dx.doi.org/10.1167/12.13.19",
  language    = "en"
}

@ARTICLE{Luke2017-pz,
  title       = "Evaluating significance in linear mixed-effects models in {R}",
  author      = "Luke, Steven G",
  affiliation = "Department of Psychology, Brigham Young University, 1001
                 Spencer W. Kimball Tower, Provo, UT, 84602, USA.
                 steven\_luke@byu.edu.",
  journal     = "Behavior research methods",
  volume      =  49,
  number      =  4,
  pages       = "1494--1502",
  month       =  aug,
  year        =  2017,
  url         = "http://dx.doi.org/10.3758/s13428-016-0809-y",
  keywords    = "Linear mixed-effects models; Statistics; Type 1 error; lme4;
                 p-values",
  language    = "en"
}

@ARTICLE{Hooge2013-bk,
  title       = "Scan path entropy and arrow plots: capturing scanning behavior
                 of multiple observers",
  author      = "Hooge, Ignace and Camps, Guido",
  affiliation = "Department of Experimental Psychology, Faculty of Social
                 Sciences, Helmholtz Institute, Utrecht University Utrecht,
                 Netherlands.",
  journal     = "Frontiers in psychology",
  volume      =  4,
  pages       = "996",
  month       =  dec,
  year        =  2013,
  url         = "http://dx.doi.org/10.3389/fpsyg.2013.00996",
  keywords    = "data visualization; entropy; eye-tracking; gaze-guidance;
                 scan-path",
  language    = "en"
}

@ARTICLE{Wilson2002-mv,
  title       = "Six views of embodied cognition",
  author      = "Wilson, Margaret",
  affiliation = "Department of Psychology, University of California, Santa
                 Cruz, CA 95064, USA. mlwilson@cats.ucsc.edu",
  journal     = "Psychonomic bulletin \& review",
  volume      =  9,
  number      =  4,
  pages       = "625--636",
  month       =  dec,
  year        =  2002,
  url         = "http://dx.doi.org/10.3758/bf03196322",
  language    = "en"
}

@ARTICLE{Henderson2017-it,
  title       = "Meaning-based guidance of attention in scenes as revealed by
                 meaning maps",
  author      = "Henderson, John M and Hayes, Taylor R",
  affiliation = "Department of Psychology, University of California, Davis, CA,
                 95618, USA. johnhenderson@ucdavis.edu. Center for Mind and
                 Brain, University of California, Davis, CA, 95618, USA.
                 johnhenderson@ucdavis.edu. Center for Mind and Brain,
                 University of California, Davis, CA, 95618, USA.",
  journal     = "Nature human behaviour",
  volume      =  1,
  number      =  10,
  pages       = "743--747",
  month       =  oct,
  year        =  2017,
  url         = "http://dx.doi.org/10.1038/s41562-017-0208-0",
  language    = "en"
}

@INCOLLECTION{Norman1986-qb,
  title     = "Attention to Action",
  booktitle = "Consciousness and {Self-Regulation}: Advances in Research and
               Theory Volume 4",
  author    = "Norman, Donald A and Shallice, Tim",
  editor    = "Davidson, Richard J and Schwartz, Gary E and Shapiro, David",
  publisher = "Springer US",
  pages     = "1--18",
  year      =  1986,
  url       = "https://doi.org/10.1007/978-1-4757-0629-1_1",
  address   = "Boston, MA"
}

@ARTICLE{Montfoort2007-oa,
  title       = "Visual search deficits in {Williams-Beuren} syndrome",
  author      = "Montfoort, I and Frens, M A and Hooge, I Th C and Haselen, G C
                 Lagers-van and van der Geest, J N",
  affiliation = "Department of Neuroscience, Erasmus MC, Rotterdam, The
                 Netherlands.",
  journal     = "Neuropsychologia",
  volume      =  45,
  number      =  5,
  pages       = "931--938",
  month       =  mar,
  year        =  2007,
  url         = "http://dx.doi.org/10.1016/j.neuropsychologia.2006.08.022",
  language    = "en"
}

@ARTICLE{MacGregor2011-yf,
  title    = "Human Performance on the Traveling Salesman and Related Problems:
              A Review",
  author   = "MacGregor, James N and Chu, Yun",
  journal  = "The Journal of Problem Solving",
  volume   =  3,
  number   =  2,
  pages    = "2",
  year     =  2011,
  url      = "https://docs.lib.purdue.edu/jps/vol3/iss2/2/"
}

@ARTICLE{Pizlo2005-qi,
  title       = "Solving combinatorial problems: the 15-puzzle",
  author      = "Pizlo, Zygmunt and Li, Zheng",
  affiliation = "Department of Psychological Sciences, Purdue University, West
                 Lafayette, Indiana 47907-2081, USA. pizlo@psych.purdue.edu",
  journal     = "Memory \& cognition",
  volume      =  33,
  number      =  6,
  pages       = "1069--1084",
  month       =  sep,
  year        =  2005,
  url         = "http://dx.doi.org/10.3758/bf03193214",
  language    = "en"
}

@INPROCEEDINGS{Keshava2020-cp,
  title     = "Decoding Task From Oculomotor Behavior In Virtual Reality",
  booktitle = "{ACM} Symposium on Eye Tracking Research and Applications",
  author    = "Keshava, Ashima and Aumeistere, Anete and Izdebski, Krzysztof
               and Konig, Peter",
  publisher = "Association for Computing Machinery",
  number    = "Article 30",
  pages     = "1--5",
  series    = "ETRA '20 Short Papers",
  month     =  jun,
  year      =  2020,
  url       = "https://doi.org/10.1145/3379156.3391338",
  address   = "New York, NY, USA",
  keywords  = "eye movements, virtual reality, task inference, support vector
               machines",
  location  = "Stuttgart, Germany"
}

@BOOK{James2007-zv,
  title     = "The Principles of Psychology",
  author    = "James, William",
  publisher = "Cosimo Classics",
  year      =  2007,
  url       = "https://play.google.com/store/books/details?id=u4lOzQEACAAJ",
  language  = "en"
}

@ARTICLE{Land1999-ol,
  title       = "The roles of vision and eye movements in the control of
                 activities of daily living",
  author      = "Land, M and Mennie, N and Rusted, J",
  affiliation = "Sussex Centre for Neuroscience, School of Biological Sciences,
                 University of Sussex, Brighton, UK. M.F.Land@sussex.ac.uk",
  journal     = "Perception",
  volume      =  28,
  number      =  11,
  pages       = "1311--1328",
  year        =  1999,
  url         = "http://dx.doi.org/10.1068/p2935",
  language    = "en"
}

@ARTICLE{Schad2018-av,
  title         = "How to capitalize on a priori contrasts in linear (mixed)
                   models: A tutorial",
  author        = "Schad, Daniel J and Vasishth, Shravan and Hohenstein, Sven
                   and Kliegl, Reinhold",
  month         =  jul,
  year          =  2018,
  url           = "http://arxiv.org/abs/1807.10451",
  archivePrefix = "arXiv",
  primaryClass  = "stat.ME",
  eprint        = "1807.10451"
}

@ARTICLE{Hayhoe2004-ni,
  title       = "Advances in Relating Eye Movements and Cognition",
  author      = "Hayhoe, Mary M",
  affiliation = "Department of Brain and Cognitive Sciences University of
                 Rochester.",
  journal     = "Infancy: the official journal of the International Society on
                 Infant Studies",
  volume      =  6,
  number      =  2,
  pages       = "267--274",
  month       =  sep,
  year        =  2004,
  url         = "http://dx.doi.org/10.1207/s15327078in0602_7",
  language    = "en"
}

@ARTICLE{Van_der_Stigchel2020-qb,
  title     = "An embodied account of visual working memory",
  author    = "Van der Stigchel, Stefan",
  journal   = "Visual cognition",
  publisher = "Routledge",
  volume    =  28,
  number    = "5-8",
  pages     = "414--419",
  month     =  sep,
  year      =  2020,
  url       = "https://doi.org/10.1080/13506285.2020.1742827"
}

@ARTICLE{Voloh2020-nz,
  title       = "{MAD} saccade: statistically robust saccade threshold
                 estimation via the median absolute deviation",
  author      = "Voloh, Benjamin and Watson, Marcus R and K{\"o}nig, Seth and
                 Womelsdorf, Thilo",
  affiliation = "Vanderbilt University Nashville, USA. York University Toronto,
                 Canada.",
  journal     = "Journal of eye movement research",
  volume      =  12,
  number      =  8,
  month       =  may,
  year        =  2020,
  url         = "http://dx.doi.org/10.16910/jemr.12.8.3",
  keywords    = "MAD; Saccades; eye tracking; head-free viewing; median
                 absolute deviation",
  language    = "en"
}

@ARTICLE{Parada2020-qq,
  title       = "Perfect timing: Mobile brain/body imaging scaffolds the
                 4E-cognition research program",
  author      = "Parada, Francisco J and Rossi, Alejandra",
  affiliation = "Centro de Estudios en Neurociencia Humana y
                 Neuropsicolog{\'\i}a, Facultad de Psicolog{\'\i}a, Universidad
                 Diego Portales, Santiago, Chile. Laboratorio de Neurociencia
                 Cognitiva y Social, Facultad de Psicolog{\'\i}a, Universidad
                 Diego Portales, Santiago, Chile.",
  journal     = "The European journal of neuroscience",
  month       =  may,
  year        =  2020,
  url         = "http://dx.doi.org/10.1111/ejn.14783",
  keywords    = "4E cognition; MoBI; complexity; emergence; naturalism",
  language    = "en"
}

@ARTICLE{Corbeil1976-qq,
  title     = "Restricted Maximum Likelihood ({REML}) Estimation of Variance
               Components in the Mixed Model",
  author    = "Corbeil, R R and Searle, S R",
  journal   = "Technometrics: a journal of statistics for the physical,
               chemical, and engineering sciences",
  publisher = "Taylor \& Francis",
  volume    =  18,
  number    =  1,
  pages     = "31--38",
  month     =  feb,
  year      =  1976,
  url       = "https://www.tandfonline.com/doi/abs/10.1080/00401706.1976.10489397"
}

@ARTICLE{Einhauser2008-yi,
  title       = "Task-demands can immediately reverse the effects of
                 sensory-driven saliency in complex visual stimuli",
  author      = "Einh{\"a}user, Wolfgang and Rutishauser, Ueli and Koch,
                 Christof",
  affiliation = "Division of Biology, California Institute of Technology,
                 Pasadena, CA, USA. wolfgang.einhaeuser@inf.ethz.ch",
  journal     = "Journal of vision",
  volume      =  8,
  number      =  2,
  pages       = "2.1--19",
  month       =  feb,
  year        =  2008,
  url         = "http://dx.doi.org/10.1167/8.2.2",
  language    = "en"
}

@ARTICLE{Schumann2008-un,
  title       = "Salient features in gaze-aligned recordings of human visual
                 input during free exploration of natural environments",
  author      = "Schumann, Frank and Einh{\"a}user-Treyer, Wolfgang and
                 Vockeroth, Johannes and Bartl, Klaus and Schneider, Erich and
                 K{\"o}nig, Peter",
  affiliation = "Institute of Cognitive Science, University of Osnabr{\"u}ck,
                 Osnabr{\"u}ck, Germany. fschuman@uni-osnabrueck.de",
  journal     = "Journal of vision",
  volume      =  8,
  number      =  14,
  pages       = "12.1--17",
  month       =  oct,
  year        =  2008,
  url         = "http://dx.doi.org/10.1167/8.14.12",
  language    = "en"
}

@ARTICLE{Keshava2021-ei,
  title     = "{ACTION} {AFFORDANCE} {AFFECTS} {PROXIMAL} {AND} {DISTAL}
               {GOAL-ORIENTED} {PLANNING}",
  author    = "Keshava, Ashima and Gottschewsky, Nina and Balle, Stefan and
               Nezami, Farbod Nosrat and Sch{\"u}ler, Thomas and K{\"o}nig,
               Peter",
  journal   = "bioRxiv",
  publisher = "Cold Spring Harbor Laboratory",
  pages     = "2021--2007",
  year      =  2021
}
